@article{example2025,
  author  = {Author Name},
  title   = {Example Paper Title},
  journal = {Journal Name},
  year    = {2025},
  volume  = {10},
  number  = {2},
  pages   = {123-145},
  doi     = {10.1234/exampledoi}
}

@book{samplebook2024,
  author    = {Another Author},
  title     = {Sample Book Title},
  publisher = {Publisher Name},
  year      = {2024},
  address   = {City, Country}
}
